<record><leader>00000cas a22000007a 4500</leader><controlfield tag="001">14391571</controlfield><controlfield tag="008">861014d188719uutxuwr ne      0    0eng d</controlfield><datafield ind1=" " ind2=" " tag="010"><subfield code="a">sn 86089517 </subfield></datafield><datafield ind1=" " ind2=" " tag="040"><subfield code="a">PPM</subfield><subfield code="b">eng</subfield><subfield code="c">PPM</subfield><subfield code="d">OCLCQ</subfield></datafield><datafield ind1=" " ind2=" " tag="042"><subfield code="a">msc</subfield></datafield><datafield ind1="0" ind2="4" tag="245"><subfield code="a">The Karnes County news.</subfield></datafield><datafield ind1=" " ind2=" " tag="260"><subfield code="a">[Helena, Tex.] :</subfield><subfield code="b">S.M. Crosslahan,</subfield><subfield code="c">1887-</subfield></datafield><datafield ind1=" " ind2=" " tag="300"><subfield code="a">v. :</subfield><subfield code="b">ill. ;</subfield><subfield code="c">56 cm.</subfield></datafield><datafield ind1=" " ind2=" " tag="310"><subfield code="a">Weekly</subfield></datafield><datafield ind1="0" ind2=" " tag="362"><subfield code="a">Vol. 1, no. 1 (Oct. 27, 1887)-</subfield></datafield><datafield ind1=" " ind2=" " tag="500"><subfield code="a">Published in Helena, Tex. : Oct. 27, 1887-Apr. 19, 1889; published in Runge, Tex. : Apr. 26, 1889-</subfield></datafield><datafield ind1=" " ind2=" " tag="530"><subfield code="a">Available on microfilm from the Center for American History, University of Texas at Austin.</subfield></datafield><datafield ind1=" " ind2=" " tag="752"><subfield code="a">United States</subfield><subfield code="b">Texas</subfield><subfield code="c">Karnes</subfield><subfield code="d">Helena.</subfield></datafield><datafield ind1=" " ind2=" " tag="752"><subfield code="a">United States</subfield><subfield code="b">Texas</subfield><subfield code="c">Karnes</subfield><subfield code="d">Runge.</subfield></datafield><datafield ind1="0" ind2=" " tag="775"><subfield code="t">Runge remarks</subfield><subfield code="w">(DLC)sn 96092506</subfield></datafield><datafield ind1="0" ind2="5" tag="780"><subfield code="t">Runge news</subfield></datafield></record>